BS00240075291BSE06055000018901                   000000                                                                         
BS012300819940105000PROJECT                  000000
BS0423008199402530000000160011435974342 999999999310724                                                                         
BS0423008199402530000000160011435974341 999999999280624                                                                         
BS092300819940105         0000000000200000000000000000000000000               00000000000000000000000000000000000000000000000000
BS012300819940105000PROJECT                  000000
BS042300819940200000000014008830497     0000000000000000000002804769571          9571    2804769571          00000              
BS042300819940200000000018008830529     0000000000000000000001809592738          1111    1111111111          00000              
BS042300819940200000000018008830540     0000000000000000000002009340672          7645    7451236598          00000              
BS042300819940200000000017008830583     0000000000000000000000411440885          1234    1234567890          00000              
BS042300819940200000000014008830599     0000000000000000000000409940927          3212    1234567890          00000              
BS092300819940120         0000000000500000000000000000000000000               00000000000000000000000000000000000000000000000000
BS99240075291BSE0605000000000020000000000700000000000000000000000000000000000000000000000000000000000000000000000000000000000000
